% Encoding: UTF-8

@Misc{arduino2015,
  author   = {Arduino},
  title    = {Arduino Software (IDE)},
  year     = {2015},
  keywords = {Arduino},
  url      = {https://www.arduino.cc/en/Guide/Environment},
}

@Book{stratis2009,
  title     = {A new method for computing optimal obstacle avoidance steering manoeuvres of vehicles},
  publisher = {INDERSCIENCE},
  year      = {2009},
  author    = {Stratis A. Kanarachos},
  volume    = {7},
  series    = {International Journal of Vehicle Autonomous Systems (IJVAS)},
  address   = {Inderscience Publishers Editorial Office P.O. Box 735 Olney, Bucks MK46 5WB UK},
  month     = aug,
  doi       = {10.1504/IJVAS.2009.027968},
}

@Book{ijedr2016,
  title     = {Route Finding Application for Blind People},
  publisher = {IJEDR},
  year      = {2016},
  author    = {Mrunal Pawar, Minal Pawar, Rohit Najawan},
  volume    = {4},
  address   = {IJEDR},
  edition   = {2},
  isbn      = {2321-9939},
  url       = {https://www.ijedr.org/papers/},
}

@Misc{bananarobotics2013,
  author = {Banana Robotics},
  title  = {How to use the L298N Dual H-Bridge Motor Driver},
  month  = jan,
  year   = {2013},
  url    = {https://www.bananarobotics.com/shop/How-to-use-the-L298N-Dual-H-Bridge-Motor-Driver},
}

@Misc{gregor2017,
  author       = {Gregor von Laszewski},
  title        = {ESP8266},
  howpublished = {Indiana University},
  month        = sep,
  year         = 2017,
  url          = {https://cloudmesh.github.io/classes/lesson/iot/esp8266/esp8266.html},
}

@Comment{jabref-meta: databaseType:bibtex;}
